%YAML 1.1
%TAG !u! tag:unity3d.com,2011:
--- !u!1 &2298674996640655286
GameObject:
  m_ObjectHideFlags: 0
  m_CorrespondingSourceObject: {fileID: 0}
  m_PrefabInstance: {fileID: 0}
  m_PrefabAsset: {fileID: 0}
  serializedVersion: 6
  m_Component:
  - component: {fileID: 2298674996640655284}
  - component: {fileID: 2298674996640655285}
  m_Layer: 0
  m_Name: fw_ship
  m_TagString: Untagged
  m_Icon: {fileID: 0}
  m_NavMeshLayer: 0
  m_StaticEditorFlags: 0
  m_IsActive: 1
--- !u!4 &2298674996640655284
Transform:
  m_ObjectHideFlags: 0
  m_CorrespondingSourceObject: {fileID: 0}
  m_PrefabInstance: {fileID: 0}
  m_PrefabAsset: {fileID: 0}
  m_GameObject: {fileID: 2298674996640655286}
  m_LocalRotation: {x: 0, y: 0, z: 0, w: 1}
  m_LocalPosition: {x: 0, y: 0.5, z: 0}
  m_LocalScale: {x: 1, y: 1, z: 1}
  m_Children:
  - {fileID: 504366483711433070}
  - {fileID: 2372860723841339847}
  - {fileID: 6376677755752782782}
  - {fileID: 5542058969448255578}
  - {fileID: 7744153227961975105}
  - {fileID: 3510929956485905928}
  - {fileID: 5911336140166403076}
  - {fileID: 4442861558273900704}
  - {fileID: 5095632689309315815}
  - {fileID: 5570619252608312463}
  - {fileID: 5555515471396108718}
  - {fileID: 649978205141182644}
  - {fileID: 4668903475358100136}
  - {fileID: 7660627062785920160}
  - {fileID: 1633193511032585194}
  - {fileID: 5888958581193163770}
  - {fileID: 1936746422313920451}
  - {fileID: 2063348880331264589}
  - {fileID: 7333464152559061217}
  - {fileID: 4658851213194099670}
  - {fileID: 7037490318835563414}
  - {fileID: 6085866674608094055}
  - {fileID: 2538496676364881746}
  - {fileID: 8488019696875409859}
  - {fileID: 1624536050665055399}
  m_Father: {fileID: 0}
  m_RootOrder: 0
  m_LocalEulerAnglesHint: {x: 0, y: 0, z: 0}
--- !u!114 &2298674996640655285
MonoBehaviour:
  m_ObjectHideFlags: 0
  m_CorrespondingSourceObject: {fileID: 0}
  m_PrefabInstance: {fileID: 0}
  m_PrefabAsset: {fileID: 0}
  m_GameObject: {fileID: 2298674996640655286}
  m_Enabled: 1
  m_EditorHideFlags: 0
  m_Script: {fileID: 11500000, guid: f34235f309c747d48176a2a487db7897, type: 3}
  m_Name: 
  m_EditorClassIdentifier: 
  ShipKey: fw_ship
  SinkSound:
    Clip: {fileID: 0}
    VolumeModifier: 1
    MixerGroup: {fileID: 0}
    Loop: 0
    IgnoreListenerPause: 0
    Pitch: 1
    RandomizePitch: 0
    MaxPitchShift: 0.05
    Delay: 0
    RandomizeDelay: 0
    MaxAdditionalDelay: 0
--- !u!1001 &248107402401858941
PrefabInstance:
  m_ObjectHideFlags: 0
  serializedVersion: 2
  m_Modification:
    m_TransformParent: {fileID: 2298674996640655284}
    m_Modifications:
    - target: {fileID: 564086061918329393, guid: 6297aa0247db37e4d8b6d203c5a5df6d,
        type: 3}
      propertyPath: m_Name
      value: slot-5-2
      objectReference: {fileID: 0}
    - target: {fileID: 6270175206789742106, guid: 6297aa0247db37e4d8b6d203c5a5df6d,
        type: 3}
      propertyPath: m_LocalPosition.x
      value: -2
      objectReference: {fileID: 0}
    - target: {fileID: 6270175206789742106, guid: 6297aa0247db37e4d8b6d203c5a5df6d,
        type: 3}
      propertyPath: m_LocalPosition.y
      value: 0
      objectReference: {fileID: 0}
    - target: {fileID: 6270175206789742106, guid: 6297aa0247db37e4d8b6d203c5a5df6d,
        type: 3}
      propertyPath: m_LocalPosition.z
      value: 4
      objectReference: {fileID: 0}
    - target: {fileID: 6270175206789742106, guid: 6297aa0247db37e4d8b6d203c5a5df6d,
        type: 3}
      propertyPath: m_LocalRotation.x
      value: 0
      objectReference: {fileID: 0}
    - target: {fileID: 6270175206789742106, guid: 6297aa0247db37e4d8b6d203c5a5df6d,
        type: 3}
      propertyPath: m_LocalRotation.y
      value: 0
      objectReference: {fileID: 0}
    - target: {fileID: 6270175206789742106, guid: 6297aa0247db37e4d8b6d203c5a5df6d,
        type: 3}
      propertyPath: m_LocalRotation.z
      value: 0
      objectReference: {fileID: 0}
    - target: {fileID: 6270175206789742106, guid: 6297aa0247db37e4d8b6d203c5a5df6d,
        type: 3}
      propertyPath: m_LocalRotation.w
      value: 1
      objectReference: {fileID: 0}
    - target: {fileID: 6270175206789742106, guid: 6297aa0247db37e4d8b6d203c5a5df6d,
        type: 3}
      propertyPath: m_RootOrder
      value: 21
      objectReference: {fileID: 0}
    - target: {fileID: 6270175206789742106, guid: 6297aa0247db37e4d8b6d203c5a5df6d,
        type: 3}
      propertyPath: m_LocalEulerAnglesHint.x
      value: 0
      objectReference: {fileID: 0}
    - target: {fileID: 6270175206789742106, guid: 6297aa0247db37e4d8b6d203c5a5df6d,
        type: 3}
      propertyPath: m_LocalEulerAnglesHint.y
      value: 0
      objectReference: {fileID: 0}
    - target: {fileID: 6270175206789742106, guid: 6297aa0247db37e4d8b6d203c5a5df6d,
        type: 3}
      propertyPath: m_LocalEulerAnglesHint.z
      value: 0
      objectReference: {fileID: 0}
    - target: {fileID: 8277749112255496054, guid: 6297aa0247db37e4d8b6d203c5a5df6d,
        type: 3}
      propertyPath: SlotKey
      value: 5-2
      objectReference: {fileID: 0}
    m_RemovedComponents: []
  m_SourcePrefab: {fileID: 100100000, guid: 6297aa0247db37e4d8b6d203c5a5df6d, type: 3}
--- !u!4 &6085866674608094055 stripped
Transform:
  m_CorrespondingSourceObject: {fileID: 6270175206789742106, guid: 6297aa0247db37e4d8b6d203c5a5df6d,
    type: 3}
  m_PrefabInstance: {fileID: 248107402401858941}
  m_PrefabAsset: {fileID: 0}
--- !u!1001 &364065649051691550
PrefabInstance:
  m_ObjectHideFlags: 0
  serializedVersion: 2
  m_Modification:
    m_TransformParent: {fileID: 2298674996640655284}
    m_Modifications:
    - target: {fileID: 564086061918329393, guid: 6297aa0247db37e4d8b6d203c5a5df6d,
        type: 3}
      propertyPath: m_Name
      value: slot-2-2
      objectReference: {fileID: 0}
    - target: {fileID: 6270175206789742106, guid: 6297aa0247db37e4d8b6d203c5a5df6d,
        type: 3}
      propertyPath: m_LocalPosition.x
      value: -2
      objectReference: {fileID: 0}
    - target: {fileID: 6270175206789742106, guid: 6297aa0247db37e4d8b6d203c5a5df6d,
        type: 3}
      propertyPath: m_LocalPosition.y
      value: 0
      objectReference: {fileID: 0}
    - target: {fileID: 6270175206789742106, guid: 6297aa0247db37e4d8b6d203c5a5df6d,
        type: 3}
      propertyPath: m_LocalPosition.z
      value: -2
      objectReference: {fileID: 0}
    - target: {fileID: 6270175206789742106, guid: 6297aa0247db37e4d8b6d203c5a5df6d,
        type: 3}
      propertyPath: m_LocalRotation.x
      value: 0
      objectReference: {fileID: 0}
    - target: {fileID: 6270175206789742106, guid: 6297aa0247db37e4d8b6d203c5a5df6d,
        type: 3}
      propertyPath: m_LocalRotation.y
      value: 0
      objectReference: {fileID: 0}
    - target: {fileID: 6270175206789742106, guid: 6297aa0247db37e4d8b6d203c5a5df6d,
        type: 3}
      propertyPath: m_LocalRotation.z
      value: 0
      objectReference: {fileID: 0}
    - target: {fileID: 6270175206789742106, guid: 6297aa0247db37e4d8b6d203c5a5df6d,
        type: 3}
      propertyPath: m_LocalRotation.w
      value: 1
      objectReference: {fileID: 0}
    - target: {fileID: 6270175206789742106, guid: 6297aa0247db37e4d8b6d203c5a5df6d,
        type: 3}
      propertyPath: m_RootOrder
      value: 6
      objectReference: {fileID: 0}
    - target: {fileID: 6270175206789742106, guid: 6297aa0247db37e4d8b6d203c5a5df6d,
        type: 3}
      propertyPath: m_LocalEulerAnglesHint.x
      value: 0
      objectReference: {fileID: 0}
    - target: {fileID: 6270175206789742106, guid: 6297aa0247db37e4d8b6d203c5a5df6d,
        type: 3}
      propertyPath: m_LocalEulerAnglesHint.y
      value: 0
      objectReference: {fileID: 0}
    - target: {fileID: 6270175206789742106, guid: 6297aa0247db37e4d8b6d203c5a5df6d,
        type: 3}
      propertyPath: m_LocalEulerAnglesHint.z
      value: 0
      objectReference: {fileID: 0}
    - target: {fileID: 8277749112255496054, guid: 6297aa0247db37e4d8b6d203c5a5df6d,
        type: 3}
      propertyPath: SlotKey
      value: 2-2
      objectReference: {fileID: 0}
    m_RemovedComponents: []
  m_SourcePrefab: {fileID: 100100000, guid: 6297aa0247db37e4d8b6d203c5a5df6d, type: 3}
--- !u!4 &5911336140166403076 stripped
Transform:
  m_CorrespondingSourceObject: {fileID: 6270175206789742106, guid: 6297aa0247db37e4d8b6d203c5a5df6d,
    type: 3}
  m_PrefabInstance: {fileID: 364065649051691550}
  m_PrefabAsset: {fileID: 0}
--- !u!1001 &485803277618265568
PrefabInstance:
  m_ObjectHideFlags: 0
  serializedVersion: 2
  m_Modification:
    m_TransformParent: {fileID: 2298674996640655284}
    m_Modifications:
    - target: {fileID: 564086061918329393, guid: 6297aa0247db37e4d8b6d203c5a5df6d,
        type: 3}
      propertyPath: m_Name
      value: slot-4-1
      objectReference: {fileID: 0}
    - target: {fileID: 6270175206789742106, guid: 6297aa0247db37e4d8b6d203c5a5df6d,
        type: 3}
      propertyPath: m_LocalPosition.x
      value: -4
      objectReference: {fileID: 0}
    - target: {fileID: 6270175206789742106, guid: 6297aa0247db37e4d8b6d203c5a5df6d,
        type: 3}
      propertyPath: m_LocalPosition.y
      value: 0
      objectReference: {fileID: 0}
    - target: {fileID: 6270175206789742106, guid: 6297aa0247db37e4d8b6d203c5a5df6d,
        type: 3}
      propertyPath: m_LocalPosition.z
      value: 2
      objectReference: {fileID: 0}
    - target: {fileID: 6270175206789742106, guid: 6297aa0247db37e4d8b6d203c5a5df6d,
        type: 3}
      propertyPath: m_LocalRotation.x
      value: 0
      objectReference: {fileID: 0}
    - target: {fileID: 6270175206789742106, guid: 6297aa0247db37e4d8b6d203c5a5df6d,
        type: 3}
      propertyPath: m_LocalRotation.y
      value: 0
      objectReference: {fileID: 0}
    - target: {fileID: 6270175206789742106, guid: 6297aa0247db37e4d8b6d203c5a5df6d,
        type: 3}
      propertyPath: m_LocalRotation.z
      value: 0
      objectReference: {fileID: 0}
    - target: {fileID: 6270175206789742106, guid: 6297aa0247db37e4d8b6d203c5a5df6d,
        type: 3}
      propertyPath: m_LocalRotation.w
      value: 1
      objectReference: {fileID: 0}
    - target: {fileID: 6270175206789742106, guid: 6297aa0247db37e4d8b6d203c5a5df6d,
        type: 3}
      propertyPath: m_RootOrder
      value: 15
      objectReference: {fileID: 0}
    - target: {fileID: 6270175206789742106, guid: 6297aa0247db37e4d8b6d203c5a5df6d,
        type: 3}
      propertyPath: m_LocalEulerAnglesHint.x
      value: 0
      objectReference: {fileID: 0}
    - target: {fileID: 6270175206789742106, guid: 6297aa0247db37e4d8b6d203c5a5df6d,
        type: 3}
      propertyPath: m_LocalEulerAnglesHint.y
      value: 0
      objectReference: {fileID: 0}
    - target: {fileID: 6270175206789742106, guid: 6297aa0247db37e4d8b6d203c5a5df6d,
        type: 3}
      propertyPath: m_LocalEulerAnglesHint.z
      value: 0
      objectReference: {fileID: 0}
    - target: {fileID: 8277749112255496054, guid: 6297aa0247db37e4d8b6d203c5a5df6d,
        type: 3}
      propertyPath: SlotKey
      value: 4-1
      objectReference: {fileID: 0}
    m_RemovedComponents: []
  m_SourcePrefab: {fileID: 100100000, guid: 6297aa0247db37e4d8b6d203c5a5df6d, type: 3}
--- !u!4 &5888958581193163770 stripped
Transform:
  m_CorrespondingSourceObject: {fileID: 6270175206789742106, guid: 6297aa0247db37e4d8b6d203c5a5df6d,
    type: 3}
  m_PrefabInstance: {fileID: 485803277618265568}
  m_PrefabAsset: {fileID: 0}
--- !u!1001 &1115381441856693668
PrefabInstance:
  m_ObjectHideFlags: 0
  serializedVersion: 2
  m_Modification:
    m_TransformParent: {fileID: 2298674996640655284}
    m_Modifications:
    - target: {fileID: 564086061918329393, guid: 6297aa0247db37e4d8b6d203c5a5df6d,
        type: 3}
      propertyPath: m_Name
      value: slot-1-3
      objectReference: {fileID: 0}
    - target: {fileID: 6270175206789742106, guid: 6297aa0247db37e4d8b6d203c5a5df6d,
        type: 3}
      propertyPath: m_LocalPosition.x
      value: 0
      objectReference: {fileID: 0}
    - target: {fileID: 6270175206789742106, guid: 6297aa0247db37e4d8b6d203c5a5df6d,
        type: 3}
      propertyPath: m_LocalPosition.y
      value: 0
      objectReference: {fileID: 0}
    - target: {fileID: 6270175206789742106, guid: 6297aa0247db37e4d8b6d203c5a5df6d,
        type: 3}
      propertyPath: m_LocalPosition.z
      value: -4
      objectReference: {fileID: 0}
    - target: {fileID: 6270175206789742106, guid: 6297aa0247db37e4d8b6d203c5a5df6d,
        type: 3}
      propertyPath: m_LocalRotation.x
      value: 0
      objectReference: {fileID: 0}
    - target: {fileID: 6270175206789742106, guid: 6297aa0247db37e4d8b6d203c5a5df6d,
        type: 3}
      propertyPath: m_LocalRotation.y
      value: 0
      objectReference: {fileID: 0}
    - target: {fileID: 6270175206789742106, guid: 6297aa0247db37e4d8b6d203c5a5df6d,
        type: 3}
      propertyPath: m_LocalRotation.z
      value: 0
      objectReference: {fileID: 0}
    - target: {fileID: 6270175206789742106, guid: 6297aa0247db37e4d8b6d203c5a5df6d,
        type: 3}
      propertyPath: m_LocalRotation.w
      value: 1
      objectReference: {fileID: 0}
    - target: {fileID: 6270175206789742106, guid: 6297aa0247db37e4d8b6d203c5a5df6d,
        type: 3}
      propertyPath: m_RootOrder
      value: 2
      objectReference: {fileID: 0}
    - target: {fileID: 6270175206789742106, guid: 6297aa0247db37e4d8b6d203c5a5df6d,
        type: 3}
      propertyPath: m_LocalEulerAnglesHint.x
      value: 0
      objectReference: {fileID: 0}
    - target: {fileID: 6270175206789742106, guid: 6297aa0247db37e4d8b6d203c5a5df6d,
        type: 3}
      propertyPath: m_LocalEulerAnglesHint.y
      value: 0
      objectReference: {fileID: 0}
    - target: {fileID: 6270175206789742106, guid: 6297aa0247db37e4d8b6d203c5a5df6d,
        type: 3}
      propertyPath: m_LocalEulerAnglesHint.z
      value: 0
      objectReference: {fileID: 0}
    - target: {fileID: 8277749112255496054, guid: 6297aa0247db37e4d8b6d203c5a5df6d,
        type: 3}
      propertyPath: SlotKey
      value: 1-3
      objectReference: {fileID: 0}
    m_RemovedComponents: []
  m_SourcePrefab: {fileID: 100100000, guid: 6297aa0247db37e4d8b6d203c5a5df6d, type: 3}
--- !u!4 &6376677755752782782 stripped
Transform:
  m_CorrespondingSourceObject: {fileID: 6270175206789742106, guid: 6297aa0247db37e4d8b6d203c5a5df6d,
    type: 3}
  m_PrefabInstance: {fileID: 1115381441856693668}
  m_PrefabAsset: {fileID: 0}
--- !u!1001 &1275488256973049085
PrefabInstance:
  m_ObjectHideFlags: 0
  serializedVersion: 2
  m_Modification:
    m_TransformParent: {fileID: 2298674996640655284}
    m_Modifications:
    - target: {fileID: 564086061918329393, guid: 6297aa0247db37e4d8b6d203c5a5df6d,
        type: 3}
      propertyPath: m_Name
      value: slot-2-4
      objectReference: {fileID: 0}
    - target: {fileID: 6270175206789742106, guid: 6297aa0247db37e4d8b6d203c5a5df6d,
        type: 3}
      propertyPath: m_LocalPosition.x
      value: 2
      objectReference: {fileID: 0}
    - target: {fileID: 6270175206789742106, guid: 6297aa0247db37e4d8b6d203c5a5df6d,
        type: 3}
      propertyPath: m_LocalPosition.y
      value: 0
      objectReference: {fileID: 0}
    - target: {fileID: 6270175206789742106, guid: 6297aa0247db37e4d8b6d203c5a5df6d,
        type: 3}
      propertyPath: m_LocalPosition.z
      value: -2
      objectReference: {fileID: 0}
    - target: {fileID: 6270175206789742106, guid: 6297aa0247db37e4d8b6d203c5a5df6d,
        type: 3}
      propertyPath: m_LocalRotation.x
      value: 0
      objectReference: {fileID: 0}
    - target: {fileID: 6270175206789742106, guid: 6297aa0247db37e4d8b6d203c5a5df6d,
        type: 3}
      propertyPath: m_LocalRotation.y
      value: 0
      objectReference: {fileID: 0}
    - target: {fileID: 6270175206789742106, guid: 6297aa0247db37e4d8b6d203c5a5df6d,
        type: 3}
      propertyPath: m_LocalRotation.z
      value: 0
      objectReference: {fileID: 0}
    - target: {fileID: 6270175206789742106, guid: 6297aa0247db37e4d8b6d203c5a5df6d,
        type: 3}
      propertyPath: m_LocalRotation.w
      value: 1
      objectReference: {fileID: 0}
    - target: {fileID: 6270175206789742106, guid: 6297aa0247db37e4d8b6d203c5a5df6d,
        type: 3}
      propertyPath: m_RootOrder
      value: 8
      objectReference: {fileID: 0}
    - target: {fileID: 6270175206789742106, guid: 6297aa0247db37e4d8b6d203c5a5df6d,
        type: 3}
      propertyPath: m_LocalEulerAnglesHint.x
      value: 0
      objectReference: {fileID: 0}
    - target: {fileID: 6270175206789742106, guid: 6297aa0247db37e4d8b6d203c5a5df6d,
        type: 3}
      propertyPath: m_LocalEulerAnglesHint.y
      value: 0
      objectReference: {fileID: 0}
    - target: {fileID: 6270175206789742106, guid: 6297aa0247db37e4d8b6d203c5a5df6d,
        type: 3}
      propertyPath: m_LocalEulerAnglesHint.z
      value: 0
      objectReference: {fileID: 0}
    - target: {fileID: 8277749112255496054, guid: 6297aa0247db37e4d8b6d203c5a5df6d,
        type: 3}
      propertyPath: SlotKey
      value: 2-4
      objectReference: {fileID: 0}
    m_RemovedComponents: []
  m_SourcePrefab: {fileID: 100100000, guid: 6297aa0247db37e4d8b6d203c5a5df6d, type: 3}
--- !u!4 &5095632689309315815 stripped
Transform:
  m_CorrespondingSourceObject: {fileID: 6270175206789742106, guid: 6297aa0247db37e4d8b6d203c5a5df6d,
    type: 3}
  m_PrefabInstance: {fileID: 1275488256973049085}
  m_PrefabAsset: {fileID: 0}
--- !u!1001 &1703402307363603916
PrefabInstance:
  m_ObjectHideFlags: 0
  serializedVersion: 2
  m_Modification:
    m_TransformParent: {fileID: 2298674996640655284}
    m_Modifications:
    - target: {fileID: 564086061918329393, guid: 6297aa0247db37e4d8b6d203c5a5df6d,
        type: 3}
      propertyPath: m_Name
      value: slot-4-5
      objectReference: {fileID: 0}
    - target: {fileID: 6270175206789742106, guid: 6297aa0247db37e4d8b6d203c5a5df6d,
        type: 3}
      propertyPath: m_LocalPosition.x
      value: 4
      objectReference: {fileID: 0}
    - target: {fileID: 6270175206789742106, guid: 6297aa0247db37e4d8b6d203c5a5df6d,
        type: 3}
      propertyPath: m_LocalPosition.y
      value: 0
      objectReference: {fileID: 0}
    - target: {fileID: 6270175206789742106, guid: 6297aa0247db37e4d8b6d203c5a5df6d,
        type: 3}
      propertyPath: m_LocalPosition.z
      value: 2
      objectReference: {fileID: 0}
    - target: {fileID: 6270175206789742106, guid: 6297aa0247db37e4d8b6d203c5a5df6d,
        type: 3}
      propertyPath: m_LocalRotation.x
      value: 0
      objectReference: {fileID: 0}
    - target: {fileID: 6270175206789742106, guid: 6297aa0247db37e4d8b6d203c5a5df6d,
        type: 3}
      propertyPath: m_LocalRotation.y
      value: 0
      objectReference: {fileID: 0}
    - target: {fileID: 6270175206789742106, guid: 6297aa0247db37e4d8b6d203c5a5df6d,
        type: 3}
      propertyPath: m_LocalRotation.z
      value: 0
      objectReference: {fileID: 0}
    - target: {fileID: 6270175206789742106, guid: 6297aa0247db37e4d8b6d203c5a5df6d,
        type: 3}
      propertyPath: m_LocalRotation.w
      value: 1
      objectReference: {fileID: 0}
    - target: {fileID: 6270175206789742106, guid: 6297aa0247db37e4d8b6d203c5a5df6d,
        type: 3}
      propertyPath: m_RootOrder
      value: 19
      objectReference: {fileID: 0}
    - target: {fileID: 6270175206789742106, guid: 6297aa0247db37e4d8b6d203c5a5df6d,
        type: 3}
      propertyPath: m_LocalEulerAnglesHint.x
      value: 0
      objectReference: {fileID: 0}
    - target: {fileID: 6270175206789742106, guid: 6297aa0247db37e4d8b6d203c5a5df6d,
        type: 3}
      propertyPath: m_LocalEulerAnglesHint.y
      value: 0
      objectReference: {fileID: 0}
    - target: {fileID: 6270175206789742106, guid: 6297aa0247db37e4d8b6d203c5a5df6d,
        type: 3}
      propertyPath: m_LocalEulerAnglesHint.z
      value: 0
      objectReference: {fileID: 0}
    - target: {fileID: 8277749112255496054, guid: 6297aa0247db37e4d8b6d203c5a5df6d,
        type: 3}
      propertyPath: SlotKey
      value: 4-5
      objectReference: {fileID: 0}
    m_RemovedComponents: []
  m_SourcePrefab: {fileID: 100100000, guid: 6297aa0247db37e4d8b6d203c5a5df6d, type: 3}
--- !u!4 &4658851213194099670 stripped
Transform:
  m_CorrespondingSourceObject: {fileID: 6270175206789742106, guid: 6297aa0247db37e4d8b6d203c5a5df6d,
    type: 3}
  m_PrefabInstance: {fileID: 1703402307363603916}
  m_PrefabAsset: {fileID: 0}
--- !u!1001 &1715701963240740018
PrefabInstance:
  m_ObjectHideFlags: 0
  serializedVersion: 2
  m_Modification:
    m_TransformParent: {fileID: 2298674996640655284}
    m_Modifications:
    - target: {fileID: 564086061918329393, guid: 6297aa0247db37e4d8b6d203c5a5df6d,
        type: 3}
      propertyPath: m_Name
      value: slot-3-3
      objectReference: {fileID: 0}
    - target: {fileID: 6270175206789742106, guid: 6297aa0247db37e4d8b6d203c5a5df6d,
        type: 3}
      propertyPath: m_LocalPosition.x
      value: 0
      objectReference: {fileID: 0}
    - target: {fileID: 6270175206789742106, guid: 6297aa0247db37e4d8b6d203c5a5df6d,
        type: 3}
      propertyPath: m_LocalPosition.y
      value: 0
      objectReference: {fileID: 0}
    - target: {fileID: 6270175206789742106, guid: 6297aa0247db37e4d8b6d203c5a5df6d,
        type: 3}
      propertyPath: m_LocalPosition.z
      value: 0
      objectReference: {fileID: 0}
    - target: {fileID: 6270175206789742106, guid: 6297aa0247db37e4d8b6d203c5a5df6d,
        type: 3}
      propertyPath: m_LocalRotation.x
      value: 0
      objectReference: {fileID: 0}
    - target: {fileID: 6270175206789742106, guid: 6297aa0247db37e4d8b6d203c5a5df6d,
        type: 3}
      propertyPath: m_LocalRotation.y
      value: 0
      objectReference: {fileID: 0}
    - target: {fileID: 6270175206789742106, guid: 6297aa0247db37e4d8b6d203c5a5df6d,
        type: 3}
      propertyPath: m_LocalRotation.z
      value: 0
      objectReference: {fileID: 0}
    - target: {fileID: 6270175206789742106, guid: 6297aa0247db37e4d8b6d203c5a5df6d,
        type: 3}
      propertyPath: m_LocalRotation.w
      value: 1
      objectReference: {fileID: 0}
    - target: {fileID: 6270175206789742106, guid: 6297aa0247db37e4d8b6d203c5a5df6d,
        type: 3}
      propertyPath: m_RootOrder
      value: 12
      objectReference: {fileID: 0}
    - target: {fileID: 6270175206789742106, guid: 6297aa0247db37e4d8b6d203c5a5df6d,
        type: 3}
      propertyPath: m_LocalEulerAnglesHint.x
      value: 0
      objectReference: {fileID: 0}
    - target: {fileID: 6270175206789742106, guid: 6297aa0247db37e4d8b6d203c5a5df6d,
        type: 3}
      propertyPath: m_LocalEulerAnglesHint.y
      value: 0
      objectReference: {fileID: 0}
    - target: {fileID: 6270175206789742106, guid: 6297aa0247db37e4d8b6d203c5a5df6d,
        type: 3}
      propertyPath: m_LocalEulerAnglesHint.z
      value: 0
      objectReference: {fileID: 0}
    - target: {fileID: 8277749112255496054, guid: 6297aa0247db37e4d8b6d203c5a5df6d,
        type: 3}
      propertyPath: SlotKey
      value: 3-3
      objectReference: {fileID: 0}
    m_RemovedComponents: []
  m_SourcePrefab: {fileID: 100100000, guid: 6297aa0247db37e4d8b6d203c5a5df6d, type: 3}
--- !u!4 &4668903475358100136 stripped
Transform:
  m_CorrespondingSourceObject: {fileID: 6270175206789742106, guid: 6297aa0247db37e4d8b6d203c5a5df6d,
    type: 3}
  m_PrefabInstance: {fileID: 1715701963240740018}
  m_PrefabAsset: {fileID: 0}
--- !u!1001 &1881665451401512884
PrefabInstance:
  m_ObjectHideFlags: 0
  serializedVersion: 2
  m_Modification:
    m_TransformParent: {fileID: 2298674996640655284}
    m_Modifications:
    - target: {fileID: 564086061918329393, guid: 6297aa0247db37e4d8b6d203c5a5df6d,
        type: 3}
      propertyPath: m_Name
      value: slot-3-1
      objectReference: {fileID: 0}
    - target: {fileID: 6270175206789742106, guid: 6297aa0247db37e4d8b6d203c5a5df6d,
        type: 3}
      propertyPath: m_LocalPosition.x
      value: -4
      objectReference: {fileID: 0}
    - target: {fileID: 6270175206789742106, guid: 6297aa0247db37e4d8b6d203c5a5df6d,
        type: 3}
      propertyPath: m_LocalPosition.y
      value: 0
      objectReference: {fileID: 0}
    - target: {fileID: 6270175206789742106, guid: 6297aa0247db37e4d8b6d203c5a5df6d,
        type: 3}
      propertyPath: m_LocalPosition.z
      value: 0
      objectReference: {fileID: 0}
    - target: {fileID: 6270175206789742106, guid: 6297aa0247db37e4d8b6d203c5a5df6d,
        type: 3}
      propertyPath: m_LocalRotation.x
      value: 0
      objectReference: {fileID: 0}
    - target: {fileID: 6270175206789742106, guid: 6297aa0247db37e4d8b6d203c5a5df6d,
        type: 3}
      propertyPath: m_LocalRotation.y
      value: 0
      objectReference: {fileID: 0}
    - target: {fileID: 6270175206789742106, guid: 6297aa0247db37e4d8b6d203c5a5df6d,
        type: 3}
      propertyPath: m_LocalRotation.z
      value: 0
      objectReference: {fileID: 0}
    - target: {fileID: 6270175206789742106, guid: 6297aa0247db37e4d8b6d203c5a5df6d,
        type: 3}
      propertyPath: m_LocalRotation.w
      value: 1
      objectReference: {fileID: 0}
    - target: {fileID: 6270175206789742106, guid: 6297aa0247db37e4d8b6d203c5a5df6d,
        type: 3}
      propertyPath: m_RootOrder
      value: 10
      objectReference: {fileID: 0}
    - target: {fileID: 6270175206789742106, guid: 6297aa0247db37e4d8b6d203c5a5df6d,
        type: 3}
      propertyPath: m_LocalEulerAnglesHint.x
      value: 0
      objectReference: {fileID: 0}
    - target: {fileID: 6270175206789742106, guid: 6297aa0247db37e4d8b6d203c5a5df6d,
        type: 3}
      propertyPath: m_LocalEulerAnglesHint.y
      value: 0
      objectReference: {fileID: 0}
    - target: {fileID: 6270175206789742106, guid: 6297aa0247db37e4d8b6d203c5a5df6d,
        type: 3}
      propertyPath: m_LocalEulerAnglesHint.z
      value: 0
      objectReference: {fileID: 0}
    - target: {fileID: 8277749112255496054, guid: 6297aa0247db37e4d8b6d203c5a5df6d,
        type: 3}
      propertyPath: SlotKey
      value: 3-1
      objectReference: {fileID: 0}
    m_RemovedComponents: []
  m_SourcePrefab: {fileID: 100100000, guid: 6297aa0247db37e4d8b6d203c5a5df6d, type: 3}
--- !u!4 &5555515471396108718 stripped
Transform:
  m_CorrespondingSourceObject: {fileID: 6270175206789742106, guid: 6297aa0247db37e4d8b6d203c5a5df6d,
    type: 3}
  m_PrefabInstance: {fileID: 1881665451401512884}
  m_PrefabAsset: {fileID: 0}
--- !u!1001 &1894594406393207445
PrefabInstance:
  m_ObjectHideFlags: 0
  serializedVersion: 2
  m_Modification:
    m_TransformParent: {fileID: 2298674996640655284}
    m_Modifications:
    - target: {fileID: 564086061918329393, guid: 6297aa0247db37e4d8b6d203c5a5df6d,
        type: 3}
      propertyPath: m_Name
      value: slot-2-5
      objectReference: {fileID: 0}
    - target: {fileID: 6270175206789742106, guid: 6297aa0247db37e4d8b6d203c5a5df6d,
        type: 3}
      propertyPath: m_LocalPosition.x
      value: 4
      objectReference: {fileID: 0}
    - target: {fileID: 6270175206789742106, guid: 6297aa0247db37e4d8b6d203c5a5df6d,
        type: 3}
      propertyPath: m_LocalPosition.y
      value: 0
      objectReference: {fileID: 0}
    - target: {fileID: 6270175206789742106, guid: 6297aa0247db37e4d8b6d203c5a5df6d,
        type: 3}
      propertyPath: m_LocalPosition.z
      value: -2
      objectReference: {fileID: 0}
    - target: {fileID: 6270175206789742106, guid: 6297aa0247db37e4d8b6d203c5a5df6d,
        type: 3}
      propertyPath: m_LocalRotation.x
      value: 0
      objectReference: {fileID: 0}
    - target: {fileID: 6270175206789742106, guid: 6297aa0247db37e4d8b6d203c5a5df6d,
        type: 3}
      propertyPath: m_LocalRotation.y
      value: 0
      objectReference: {fileID: 0}
    - target: {fileID: 6270175206789742106, guid: 6297aa0247db37e4d8b6d203c5a5df6d,
        type: 3}
      propertyPath: m_LocalRotation.z
      value: 0
      objectReference: {fileID: 0}
    - target: {fileID: 6270175206789742106, guid: 6297aa0247db37e4d8b6d203c5a5df6d,
        type: 3}
      propertyPath: m_LocalRotation.w
      value: 1
      objectReference: {fileID: 0}
    - target: {fileID: 6270175206789742106, guid: 6297aa0247db37e4d8b6d203c5a5df6d,
        type: 3}
      propertyPath: m_RootOrder
      value: 9
      objectReference: {fileID: 0}
    - target: {fileID: 6270175206789742106, guid: 6297aa0247db37e4d8b6d203c5a5df6d,
        type: 3}
      propertyPath: m_LocalEulerAnglesHint.x
      value: 0
      objectReference: {fileID: 0}
    - target: {fileID: 6270175206789742106, guid: 6297aa0247db37e4d8b6d203c5a5df6d,
        type: 3}
      propertyPath: m_LocalEulerAnglesHint.y
      value: 0
      objectReference: {fileID: 0}
    - target: {fileID: 6270175206789742106, guid: 6297aa0247db37e4d8b6d203c5a5df6d,
        type: 3}
      propertyPath: m_LocalEulerAnglesHint.z
      value: 0
      objectReference: {fileID: 0}
    - target: {fileID: 8277749112255496054, guid: 6297aa0247db37e4d8b6d203c5a5df6d,
        type: 3}
      propertyPath: SlotKey
      value: 2-5
      objectReference: {fileID: 0}
    m_RemovedComponents: []
  m_SourcePrefab: {fileID: 100100000, guid: 6297aa0247db37e4d8b6d203c5a5df6d, type: 3}
--- !u!4 &5570619252608312463 stripped
Transform:
  m_CorrespondingSourceObject: {fileID: 6270175206789742106, guid: 6297aa0247db37e4d8b6d203c5a5df6d,
    type: 3}
  m_PrefabInstance: {fileID: 1894594406393207445}
  m_PrefabAsset: {fileID: 0}
--- !u!1001 &2012399179461226048
PrefabInstance:
  m_ObjectHideFlags: 0
  serializedVersion: 2
  m_Modification:
    m_TransformParent: {fileID: 2298674996640655284}
    m_Modifications:
    - target: {fileID: 564086061918329393, guid: 6297aa0247db37e4d8b6d203c5a5df6d,
        type: 3}
      propertyPath: m_Name
      value: slot-1-4
      objectReference: {fileID: 0}
    - target: {fileID: 6270175206789742106, guid: 6297aa0247db37e4d8b6d203c5a5df6d,
        type: 3}
      propertyPath: m_LocalPosition.x
      value: 2
      objectReference: {fileID: 0}
    - target: {fileID: 6270175206789742106, guid: 6297aa0247db37e4d8b6d203c5a5df6d,
        type: 3}
      propertyPath: m_LocalPosition.y
      value: 0
      objectReference: {fileID: 0}
    - target: {fileID: 6270175206789742106, guid: 6297aa0247db37e4d8b6d203c5a5df6d,
        type: 3}
      propertyPath: m_LocalPosition.z
      value: -4
      objectReference: {fileID: 0}
    - target: {fileID: 6270175206789742106, guid: 6297aa0247db37e4d8b6d203c5a5df6d,
        type: 3}
      propertyPath: m_LocalRotation.x
      value: 0
      objectReference: {fileID: 0}
    - target: {fileID: 6270175206789742106, guid: 6297aa0247db37e4d8b6d203c5a5df6d,
        type: 3}
      propertyPath: m_LocalRotation.y
      value: 0
      objectReference: {fileID: 0}
    - target: {fileID: 6270175206789742106, guid: 6297aa0247db37e4d8b6d203c5a5df6d,
        type: 3}
      propertyPath: m_LocalRotation.z
      value: 0
      objectReference: {fileID: 0}
    - target: {fileID: 6270175206789742106, guid: 6297aa0247db37e4d8b6d203c5a5df6d,
        type: 3}
      propertyPath: m_LocalRotation.w
      value: 1
      objectReference: {fileID: 0}
    - target: {fileID: 6270175206789742106, guid: 6297aa0247db37e4d8b6d203c5a5df6d,
        type: 3}
      propertyPath: m_RootOrder
      value: 3
      objectReference: {fileID: 0}
    - target: {fileID: 6270175206789742106, guid: 6297aa0247db37e4d8b6d203c5a5df6d,
        type: 3}
      propertyPath: m_LocalEulerAnglesHint.x
      value: 0
      objectReference: {fileID: 0}
    - target: {fileID: 6270175206789742106, guid: 6297aa0247db37e4d8b6d203c5a5df6d,
        type: 3}
      propertyPath: m_LocalEulerAnglesHint.y
      value: 0
      objectReference: {fileID: 0}
    - target: {fileID: 6270175206789742106, guid: 6297aa0247db37e4d8b6d203c5a5df6d,
        type: 3}
      propertyPath: m_LocalEulerAnglesHint.z
      value: 0
      objectReference: {fileID: 0}
    - target: {fileID: 8277749112255496054, guid: 6297aa0247db37e4d8b6d203c5a5df6d,
        type: 3}
      propertyPath: SlotKey
      value: 1-4
      objectReference: {fileID: 0}
    m_RemovedComponents: []
  m_SourcePrefab: {fileID: 100100000, guid: 6297aa0247db37e4d8b6d203c5a5df6d, type: 3}
--- !u!4 &5542058969448255578 stripped
Transform:
  m_CorrespondingSourceObject: {fileID: 6270175206789742106, guid: 6297aa0247db37e4d8b6d203c5a5df6d,
    type: 3}
  m_PrefabInstance: {fileID: 2012399179461226048}
  m_PrefabAsset: {fileID: 0}
--- !u!1001 &2508403632944115673
PrefabInstance:
  m_ObjectHideFlags: 0
  serializedVersion: 2
  m_Modification:
    m_TransformParent: {fileID: 2298674996640655284}
    m_Modifications:
    - target: {fileID: 564086061918329393, guid: 6297aa0247db37e4d8b6d203c5a5df6d,
        type: 3}
      propertyPath: m_Name
      value: slot-5-4
      objectReference: {fileID: 0}
    - target: {fileID: 6270175206789742106, guid: 6297aa0247db37e4d8b6d203c5a5df6d,
        type: 3}
      propertyPath: m_LocalPosition.x
      value: 2
      objectReference: {fileID: 0}
    - target: {fileID: 6270175206789742106, guid: 6297aa0247db37e4d8b6d203c5a5df6d,
        type: 3}
      propertyPath: m_LocalPosition.y
      value: 0
      objectReference: {fileID: 0}
    - target: {fileID: 6270175206789742106, guid: 6297aa0247db37e4d8b6d203c5a5df6d,
        type: 3}
      propertyPath: m_LocalPosition.z
      value: 4
      objectReference: {fileID: 0}
    - target: {fileID: 6270175206789742106, guid: 6297aa0247db37e4d8b6d203c5a5df6d,
        type: 3}
      propertyPath: m_LocalRotation.x
      value: 0
      objectReference: {fileID: 0}
    - target: {fileID: 6270175206789742106, guid: 6297aa0247db37e4d8b6d203c5a5df6d,
        type: 3}
      propertyPath: m_LocalRotation.y
      value: 0
      objectReference: {fileID: 0}
    - target: {fileID: 6270175206789742106, guid: 6297aa0247db37e4d8b6d203c5a5df6d,
        type: 3}
      propertyPath: m_LocalRotation.z
      value: 0
      objectReference: {fileID: 0}
    - target: {fileID: 6270175206789742106, guid: 6297aa0247db37e4d8b6d203c5a5df6d,
        type: 3}
      propertyPath: m_LocalRotation.w
      value: 1
      objectReference: {fileID: 0}
    - target: {fileID: 6270175206789742106, guid: 6297aa0247db37e4d8b6d203c5a5df6d,
        type: 3}
      propertyPath: m_RootOrder
      value: 23
      objectReference: {fileID: 0}
    - target: {fileID: 6270175206789742106, guid: 6297aa0247db37e4d8b6d203c5a5df6d,
        type: 3}
      propertyPath: m_LocalEulerAnglesHint.x
      value: 0
      objectReference: {fileID: 0}
    - target: {fileID: 6270175206789742106, guid: 6297aa0247db37e4d8b6d203c5a5df6d,
        type: 3}
      propertyPath: m_LocalEulerAnglesHint.y
      value: 0
      objectReference: {fileID: 0}
    - target: {fileID: 6270175206789742106, guid: 6297aa0247db37e4d8b6d203c5a5df6d,
        type: 3}
      propertyPath: m_LocalEulerAnglesHint.z
      value: 0
      objectReference: {fileID: 0}
    - target: {fileID: 8277749112255496054, guid: 6297aa0247db37e4d8b6d203c5a5df6d,
        type: 3}
      propertyPath: SlotKey
      value: 5-4
      objectReference: {fileID: 0}
    m_RemovedComponents: []
  m_SourcePrefab: {fileID: 100100000, guid: 6297aa0247db37e4d8b6d203c5a5df6d, type: 3}
--- !u!4 &8488019696875409859 stripped
Transform:
  m_CorrespondingSourceObject: {fileID: 6270175206789742106, guid: 6297aa0247db37e4d8b6d203c5a5df6d,
    type: 3}
  m_PrefabInstance: {fileID: 2508403632944115673}
  m_PrefabAsset: {fileID: 0}
--- !u!1001 &3657364814704015099
PrefabInstance:
  m_ObjectHideFlags: 0
  serializedVersion: 2
  m_Modification:
    m_TransformParent: {fileID: 2298674996640655284}
    m_Modifications:
    - target: {fileID: 564086061918329393, guid: 6297aa0247db37e4d8b6d203c5a5df6d,
        type: 3}
      propertyPath: m_Name
      value: slot-4-4
      objectReference: {fileID: 0}
    - target: {fileID: 6270175206789742106, guid: 6297aa0247db37e4d8b6d203c5a5df6d,
        type: 3}
      propertyPath: m_LocalPosition.x
      value: 2
      objectReference: {fileID: 0}
    - target: {fileID: 6270175206789742106, guid: 6297aa0247db37e4d8b6d203c5a5df6d,
        type: 3}
      propertyPath: m_LocalPosition.y
      value: 0
      objectReference: {fileID: 0}
    - target: {fileID: 6270175206789742106, guid: 6297aa0247db37e4d8b6d203c5a5df6d,
        type: 3}
      propertyPath: m_LocalPosition.z
      value: 2
      objectReference: {fileID: 0}
    - target: {fileID: 6270175206789742106, guid: 6297aa0247db37e4d8b6d203c5a5df6d,
        type: 3}
      propertyPath: m_LocalRotation.x
      value: 0
      objectReference: {fileID: 0}
    - target: {fileID: 6270175206789742106, guid: 6297aa0247db37e4d8b6d203c5a5df6d,
        type: 3}
      propertyPath: m_LocalRotation.y
      value: 0
      objectReference: {fileID: 0}
    - target: {fileID: 6270175206789742106, guid: 6297aa0247db37e4d8b6d203c5a5df6d,
        type: 3}
      propertyPath: m_LocalRotation.z
      value: 0
      objectReference: {fileID: 0}
    - target: {fileID: 6270175206789742106, guid: 6297aa0247db37e4d8b6d203c5a5df6d,
        type: 3}
      propertyPath: m_LocalRotation.w
      value: 1
      objectReference: {fileID: 0}
    - target: {fileID: 6270175206789742106, guid: 6297aa0247db37e4d8b6d203c5a5df6d,
        type: 3}
      propertyPath: m_RootOrder
      value: 18
      objectReference: {fileID: 0}
    - target: {fileID: 6270175206789742106, guid: 6297aa0247db37e4d8b6d203c5a5df6d,
        type: 3}
      propertyPath: m_LocalEulerAnglesHint.x
      value: 0
      objectReference: {fileID: 0}
    - target: {fileID: 6270175206789742106, guid: 6297aa0247db37e4d8b6d203c5a5df6d,
        type: 3}
      propertyPath: m_LocalEulerAnglesHint.y
      value: 0
      objectReference: {fileID: 0}
    - target: {fileID: 6270175206789742106, guid: 6297aa0247db37e4d8b6d203c5a5df6d,
        type: 3}
      propertyPath: m_LocalEulerAnglesHint.z
      value: 0
      objectReference: {fileID: 0}
    - target: {fileID: 8277749112255496054, guid: 6297aa0247db37e4d8b6d203c5a5df6d,
        type: 3}
      propertyPath: SlotKey
      value: 4-4
      objectReference: {fileID: 0}
    m_RemovedComponents: []
  m_SourcePrefab: {fileID: 100100000, guid: 6297aa0247db37e4d8b6d203c5a5df6d, type: 3}
--- !u!4 &7333464152559061217 stripped
Transform:
  m_CorrespondingSourceObject: {fileID: 6270175206789742106, guid: 6297aa0247db37e4d8b6d203c5a5df6d,
    type: 3}
  m_PrefabInstance: {fileID: 3657364814704015099}
  m_PrefabAsset: {fileID: 0}
--- !u!1001 &3940107655994426764
PrefabInstance:
  m_ObjectHideFlags: 0
  serializedVersion: 2
  m_Modification:
    m_TransformParent: {fileID: 2298674996640655284}
    m_Modifications:
    - target: {fileID: 564086061918329393, guid: 6297aa0247db37e4d8b6d203c5a5df6d,
        type: 3}
      propertyPath: m_Name
      value: slot-5-1
      objectReference: {fileID: 0}
    - target: {fileID: 6270175206789742106, guid: 6297aa0247db37e4d8b6d203c5a5df6d,
        type: 3}
      propertyPath: m_LocalPosition.x
      value: -4
      objectReference: {fileID: 0}
    - target: {fileID: 6270175206789742106, guid: 6297aa0247db37e4d8b6d203c5a5df6d,
        type: 3}
      propertyPath: m_LocalPosition.y
      value: 0
      objectReference: {fileID: 0}
    - target: {fileID: 6270175206789742106, guid: 6297aa0247db37e4d8b6d203c5a5df6d,
        type: 3}
      propertyPath: m_LocalPosition.z
      value: 4
      objectReference: {fileID: 0}
    - target: {fileID: 6270175206789742106, guid: 6297aa0247db37e4d8b6d203c5a5df6d,
        type: 3}
      propertyPath: m_LocalRotation.x
      value: 0
      objectReference: {fileID: 0}
    - target: {fileID: 6270175206789742106, guid: 6297aa0247db37e4d8b6d203c5a5df6d,
        type: 3}
      propertyPath: m_LocalRotation.y
      value: 0
      objectReference: {fileID: 0}
    - target: {fileID: 6270175206789742106, guid: 6297aa0247db37e4d8b6d203c5a5df6d,
        type: 3}
      propertyPath: m_LocalRotation.z
      value: 0
      objectReference: {fileID: 0}
    - target: {fileID: 6270175206789742106, guid: 6297aa0247db37e4d8b6d203c5a5df6d,
        type: 3}
      propertyPath: m_LocalRotation.w
      value: 1
      objectReference: {fileID: 0}
    - target: {fileID: 6270175206789742106, guid: 6297aa0247db37e4d8b6d203c5a5df6d,
        type: 3}
      propertyPath: m_RootOrder
      value: 20
      objectReference: {fileID: 0}
    - target: {fileID: 6270175206789742106, guid: 6297aa0247db37e4d8b6d203c5a5df6d,
        type: 3}
      propertyPath: m_LocalEulerAnglesHint.x
      value: 0
      objectReference: {fileID: 0}
    - target: {fileID: 6270175206789742106, guid: 6297aa0247db37e4d8b6d203c5a5df6d,
        type: 3}
      propertyPath: m_LocalEulerAnglesHint.y
      value: 0
      objectReference: {fileID: 0}
    - target: {fileID: 6270175206789742106, guid: 6297aa0247db37e4d8b6d203c5a5df6d,
        type: 3}
      propertyPath: m_LocalEulerAnglesHint.z
      value: 0
      objectReference: {fileID: 0}
    - target: {fileID: 8277749112255496054, guid: 6297aa0247db37e4d8b6d203c5a5df6d,
        type: 3}
      propertyPath: SlotKey
      value: 5-1
      objectReference: {fileID: 0}
    m_RemovedComponents: []
  m_SourcePrefab: {fileID: 100100000, guid: 6297aa0247db37e4d8b6d203c5a5df6d, type: 3}
--- !u!4 &7037490318835563414 stripped
Transform:
  m_CorrespondingSourceObject: {fileID: 6270175206789742106, guid: 6297aa0247db37e4d8b6d203c5a5df6d,
    type: 3}
  m_PrefabInstance: {fileID: 3940107655994426764}
  m_PrefabAsset: {fileID: 0}
--- !u!1001 &4358606434816474971
PrefabInstance:
  m_ObjectHideFlags: 0
  serializedVersion: 2
  m_Modification:
    m_TransformParent: {fileID: 2298674996640655284}
    m_Modifications:
    - target: {fileID: 564086061918329393, guid: 6297aa0247db37e4d8b6d203c5a5df6d,
        type: 3}
      propertyPath: m_Name
      value: slot-1-5
      objectReference: {fileID: 0}
    - target: {fileID: 6270175206789742106, guid: 6297aa0247db37e4d8b6d203c5a5df6d,
        type: 3}
      propertyPath: m_LocalPosition.x
      value: 4
      objectReference: {fileID: 0}
    - target: {fileID: 6270175206789742106, guid: 6297aa0247db37e4d8b6d203c5a5df6d,
        type: 3}
      propertyPath: m_LocalPosition.y
      value: 0
      objectReference: {fileID: 0}
    - target: {fileID: 6270175206789742106, guid: 6297aa0247db37e4d8b6d203c5a5df6d,
        type: 3}
      propertyPath: m_LocalPosition.z
      value: -4
      objectReference: {fileID: 0}
    - target: {fileID: 6270175206789742106, guid: 6297aa0247db37e4d8b6d203c5a5df6d,
        type: 3}
      propertyPath: m_LocalRotation.x
      value: 0
      objectReference: {fileID: 0}
    - target: {fileID: 6270175206789742106, guid: 6297aa0247db37e4d8b6d203c5a5df6d,
        type: 3}
      propertyPath: m_LocalRotation.y
      value: 0
      objectReference: {fileID: 0}
    - target: {fileID: 6270175206789742106, guid: 6297aa0247db37e4d8b6d203c5a5df6d,
        type: 3}
      propertyPath: m_LocalRotation.z
      value: 0
      objectReference: {fileID: 0}
    - target: {fileID: 6270175206789742106, guid: 6297aa0247db37e4d8b6d203c5a5df6d,
        type: 3}
      propertyPath: m_LocalRotation.w
      value: 1
      objectReference: {fileID: 0}
    - target: {fileID: 6270175206789742106, guid: 6297aa0247db37e4d8b6d203c5a5df6d,
        type: 3}
      propertyPath: m_RootOrder
      value: 4
      objectReference: {fileID: 0}
    - target: {fileID: 6270175206789742106, guid: 6297aa0247db37e4d8b6d203c5a5df6d,
        type: 3}
      propertyPath: m_LocalEulerAnglesHint.x
      value: 0
      objectReference: {fileID: 0}
    - target: {fileID: 6270175206789742106, guid: 6297aa0247db37e4d8b6d203c5a5df6d,
        type: 3}
      propertyPath: m_LocalEulerAnglesHint.y
      value: 0
      objectReference: {fileID: 0}
    - target: {fileID: 6270175206789742106, guid: 6297aa0247db37e4d8b6d203c5a5df6d,
        type: 3}
      propertyPath: m_LocalEulerAnglesHint.z
      value: 0
      objectReference: {fileID: 0}
    - target: {fileID: 8277749112255496054, guid: 6297aa0247db37e4d8b6d203c5a5df6d,
        type: 3}
      propertyPath: SlotKey
      value: 1-5
      objectReference: {fileID: 0}
    m_RemovedComponents: []
  m_SourcePrefab: {fileID: 100100000, guid: 6297aa0247db37e4d8b6d203c5a5df6d, type: 3}
--- !u!4 &7744153227961975105 stripped
Transform:
  m_CorrespondingSourceObject: {fileID: 6270175206789742106, guid: 6297aa0247db37e4d8b6d203c5a5df6d,
    type: 3}
  m_PrefabInstance: {fileID: 4358606434816474971}
  m_PrefabAsset: {fileID: 0}
--- !u!1001 &4419192975493477050
PrefabInstance:
  m_ObjectHideFlags: 0
  serializedVersion: 2
  m_Modification:
    m_TransformParent: {fileID: 2298674996640655284}
    m_Modifications:
    - target: {fileID: 564086061918329393, guid: 6297aa0247db37e4d8b6d203c5a5df6d,
        type: 3}
      propertyPath: m_Name
      value: slot-3-4
      objectReference: {fileID: 0}
    - target: {fileID: 6270175206789742106, guid: 6297aa0247db37e4d8b6d203c5a5df6d,
        type: 3}
      propertyPath: m_LocalPosition.x
      value: 2
      objectReference: {fileID: 0}
    - target: {fileID: 6270175206789742106, guid: 6297aa0247db37e4d8b6d203c5a5df6d,
        type: 3}
      propertyPath: m_LocalPosition.y
      value: 0
      objectReference: {fileID: 0}
    - target: {fileID: 6270175206789742106, guid: 6297aa0247db37e4d8b6d203c5a5df6d,
        type: 3}
      propertyPath: m_LocalPosition.z
      value: 0
      objectReference: {fileID: 0}
    - target: {fileID: 6270175206789742106, guid: 6297aa0247db37e4d8b6d203c5a5df6d,
        type: 3}
      propertyPath: m_LocalRotation.x
      value: 0
      objectReference: {fileID: 0}
    - target: {fileID: 6270175206789742106, guid: 6297aa0247db37e4d8b6d203c5a5df6d,
        type: 3}
      propertyPath: m_LocalRotation.y
      value: 0
      objectReference: {fileID: 0}
    - target: {fileID: 6270175206789742106, guid: 6297aa0247db37e4d8b6d203c5a5df6d,
        type: 3}
      propertyPath: m_LocalRotation.z
      value: 0
      objectReference: {fileID: 0}
    - target: {fileID: 6270175206789742106, guid: 6297aa0247db37e4d8b6d203c5a5df6d,
        type: 3}
      propertyPath: m_LocalRotation.w
      value: 1
      objectReference: {fileID: 0}
    - target: {fileID: 6270175206789742106, guid: 6297aa0247db37e4d8b6d203c5a5df6d,
        type: 3}
      propertyPath: m_RootOrder
      value: 13
      objectReference: {fileID: 0}
    - target: {fileID: 6270175206789742106, guid: 6297aa0247db37e4d8b6d203c5a5df6d,
        type: 3}
      propertyPath: m_LocalEulerAnglesHint.x
      value: 0
      objectReference: {fileID: 0}
    - target: {fileID: 6270175206789742106, guid: 6297aa0247db37e4d8b6d203c5a5df6d,
        type: 3}
      propertyPath: m_LocalEulerAnglesHint.y
      value: 0
      objectReference: {fileID: 0}
    - target: {fileID: 6270175206789742106, guid: 6297aa0247db37e4d8b6d203c5a5df6d,
        type: 3}
      propertyPath: m_LocalEulerAnglesHint.z
      value: 0
      objectReference: {fileID: 0}
    - target: {fileID: 8277749112255496054, guid: 6297aa0247db37e4d8b6d203c5a5df6d,
        type: 3}
      propertyPath: SlotKey
      value: 3-4
      objectReference: {fileID: 0}
    m_RemovedComponents: []
  m_SourcePrefab: {fileID: 100100000, guid: 6297aa0247db37e4d8b6d203c5a5df6d, type: 3}
--- !u!4 &7660627062785920160 stripped
Transform:
  m_CorrespondingSourceObject: {fileID: 6270175206789742106, guid: 6297aa0247db37e4d8b6d203c5a5df6d,
    type: 3}
  m_PrefabInstance: {fileID: 4419192975493477050}
  m_PrefabAsset: {fileID: 0}
--- !u!1001 &4724172446320368317
PrefabInstance:
  m_ObjectHideFlags: 0
  serializedVersion: 2
  m_Modification:
    m_TransformParent: {fileID: 2298674996640655284}
    m_Modifications:
    - target: {fileID: 564086061918329393, guid: 6297aa0247db37e4d8b6d203c5a5df6d,
        type: 3}
      propertyPath: m_Name
      value: slot-5-5
      objectReference: {fileID: 0}
    - target: {fileID: 6270175206789742106, guid: 6297aa0247db37e4d8b6d203c5a5df6d,
        type: 3}
      propertyPath: m_LocalPosition.x
      value: 4
      objectReference: {fileID: 0}
    - target: {fileID: 6270175206789742106, guid: 6297aa0247db37e4d8b6d203c5a5df6d,
        type: 3}
      propertyPath: m_LocalPosition.y
      value: 0
      objectReference: {fileID: 0}
    - target: {fileID: 6270175206789742106, guid: 6297aa0247db37e4d8b6d203c5a5df6d,
        type: 3}
      propertyPath: m_LocalPosition.z
      value: 4
      objectReference: {fileID: 0}
    - target: {fileID: 6270175206789742106, guid: 6297aa0247db37e4d8b6d203c5a5df6d,
        type: 3}
      propertyPath: m_LocalRotation.x
      value: 0
      objectReference: {fileID: 0}
    - target: {fileID: 6270175206789742106, guid: 6297aa0247db37e4d8b6d203c5a5df6d,
        type: 3}
      propertyPath: m_LocalRotation.y
      value: 0
      objectReference: {fileID: 0}
    - target: {fileID: 6270175206789742106, guid: 6297aa0247db37e4d8b6d203c5a5df6d,
        type: 3}
      propertyPath: m_LocalRotation.z
      value: 0
      objectReference: {fileID: 0}
    - target: {fileID: 6270175206789742106, guid: 6297aa0247db37e4d8b6d203c5a5df6d,
        type: 3}
      propertyPath: m_LocalRotation.w
      value: 1
      objectReference: {fileID: 0}
    - target: {fileID: 6270175206789742106, guid: 6297aa0247db37e4d8b6d203c5a5df6d,
        type: 3}
      propertyPath: m_RootOrder
      value: 24
      objectReference: {fileID: 0}
    - target: {fileID: 6270175206789742106, guid: 6297aa0247db37e4d8b6d203c5a5df6d,
        type: 3}
      propertyPath: m_LocalEulerAnglesHint.x
      value: 0
      objectReference: {fileID: 0}
    - target: {fileID: 6270175206789742106, guid: 6297aa0247db37e4d8b6d203c5a5df6d,
        type: 3}
      propertyPath: m_LocalEulerAnglesHint.y
      value: 0
      objectReference: {fileID: 0}
    - target: {fileID: 6270175206789742106, guid: 6297aa0247db37e4d8b6d203c5a5df6d,
        type: 3}
      propertyPath: m_LocalEulerAnglesHint.z
      value: 0
      objectReference: {fileID: 0}
    - target: {fileID: 8277749112255496054, guid: 6297aa0247db37e4d8b6d203c5a5df6d,
        type: 3}
      propertyPath: SlotKey
      value: 5-5
      objectReference: {fileID: 0}
    m_RemovedComponents: []
  m_SourcePrefab: {fileID: 100100000, guid: 6297aa0247db37e4d8b6d203c5a5df6d, type: 3}
--- !u!4 &1624536050665055399 stripped
Transform:
  m_CorrespondingSourceObject: {fileID: 6270175206789742106, guid: 6297aa0247db37e4d8b6d203c5a5df6d,
    type: 3}
  m_PrefabInstance: {fileID: 4724172446320368317}
  m_PrefabAsset: {fileID: 0}
--- !u!1001 &4732834579079497200
PrefabInstance:
  m_ObjectHideFlags: 0
  serializedVersion: 2
  m_Modification:
    m_TransformParent: {fileID: 2298674996640655284}
    m_Modifications:
    - target: {fileID: 564086061918329393, guid: 6297aa0247db37e4d8b6d203c5a5df6d,
        type: 3}
      propertyPath: m_Name
      value: slot-3-5
      objectReference: {fileID: 0}
    - target: {fileID: 6270175206789742106, guid: 6297aa0247db37e4d8b6d203c5a5df6d,
        type: 3}
      propertyPath: m_LocalPosition.x
      value: 4
      objectReference: {fileID: 0}
    - target: {fileID: 6270175206789742106, guid: 6297aa0247db37e4d8b6d203c5a5df6d,
        type: 3}
      propertyPath: m_LocalPosition.y
      value: 0
      objectReference: {fileID: 0}
    - target: {fileID: 6270175206789742106, guid: 6297aa0247db37e4d8b6d203c5a5df6d,
        type: 3}
      propertyPath: m_LocalPosition.z
      value: 0
      objectReference: {fileID: 0}
    - target: {fileID: 6270175206789742106, guid: 6297aa0247db37e4d8b6d203c5a5df6d,
        type: 3}
      propertyPath: m_LocalRotation.x
      value: 0
      objectReference: {fileID: 0}
    - target: {fileID: 6270175206789742106, guid: 6297aa0247db37e4d8b6d203c5a5df6d,
        type: 3}
      propertyPath: m_LocalRotation.y
      value: 0
      objectReference: {fileID: 0}
    - target: {fileID: 6270175206789742106, guid: 6297aa0247db37e4d8b6d203c5a5df6d,
        type: 3}
      propertyPath: m_LocalRotation.z
      value: 0
      objectReference: {fileID: 0}
    - target: {fileID: 6270175206789742106, guid: 6297aa0247db37e4d8b6d203c5a5df6d,
        type: 3}
      propertyPath: m_LocalRotation.w
      value: 1
      objectReference: {fileID: 0}
    - target: {fileID: 6270175206789742106, guid: 6297aa0247db37e4d8b6d203c5a5df6d,
        type: 3}
      propertyPath: m_RootOrder
      value: 14
      objectReference: {fileID: 0}
    - target: {fileID: 6270175206789742106, guid: 6297aa0247db37e4d8b6d203c5a5df6d,
        type: 3}
      propertyPath: m_LocalEulerAnglesHint.x
      value: 0
      objectReference: {fileID: 0}
    - target: {fileID: 6270175206789742106, guid: 6297aa0247db37e4d8b6d203c5a5df6d,
        type: 3}
      propertyPath: m_LocalEulerAnglesHint.y
      value: 0
      objectReference: {fileID: 0}
    - target: {fileID: 6270175206789742106, guid: 6297aa0247db37e4d8b6d203c5a5df6d,
        type: 3}
      propertyPath: m_LocalEulerAnglesHint.z
      value: 0
      objectReference: {fileID: 0}
    - target: {fileID: 8277749112255496054, guid: 6297aa0247db37e4d8b6d203c5a5df6d,
        type: 3}
      propertyPath: SlotKey
      value: 3-5
      objectReference: {fileID: 0}
    m_RemovedComponents: []
  m_SourcePrefab: {fileID: 100100000, guid: 6297aa0247db37e4d8b6d203c5a5df6d, type: 3}
--- !u!4 &1633193511032585194 stripped
Transform:
  m_CorrespondingSourceObject: {fileID: 6270175206789742106, guid: 6297aa0247db37e4d8b6d203c5a5df6d,
    type: 3}
  m_PrefabInstance: {fileID: 4732834579079497200}
  m_PrefabAsset: {fileID: 0}
--- !u!1001 &5451149947194944599
PrefabInstance:
  m_ObjectHideFlags: 0
  serializedVersion: 2
  m_Modification:
    m_TransformParent: {fileID: 2298674996640655284}
    m_Modifications:
    - target: {fileID: 564086061918329393, guid: 6297aa0247db37e4d8b6d203c5a5df6d,
        type: 3}
      propertyPath: m_Name
      value: slot-4-3
      objectReference: {fileID: 0}
    - target: {fileID: 6270175206789742106, guid: 6297aa0247db37e4d8b6d203c5a5df6d,
        type: 3}
      propertyPath: m_LocalPosition.x
      value: 0
      objectReference: {fileID: 0}
    - target: {fileID: 6270175206789742106, guid: 6297aa0247db37e4d8b6d203c5a5df6d,
        type: 3}
      propertyPath: m_LocalPosition.y
      value: 0
      objectReference: {fileID: 0}
    - target: {fileID: 6270175206789742106, guid: 6297aa0247db37e4d8b6d203c5a5df6d,
        type: 3}
      propertyPath: m_LocalPosition.z
      value: 2
      objectReference: {fileID: 0}
    - target: {fileID: 6270175206789742106, guid: 6297aa0247db37e4d8b6d203c5a5df6d,
        type: 3}
      propertyPath: m_LocalRotation.x
      value: 0
      objectReference: {fileID: 0}
    - target: {fileID: 6270175206789742106, guid: 6297aa0247db37e4d8b6d203c5a5df6d,
        type: 3}
      propertyPath: m_LocalRotation.y
      value: 0
      objectReference: {fileID: 0}
    - target: {fileID: 6270175206789742106, guid: 6297aa0247db37e4d8b6d203c5a5df6d,
        type: 3}
      propertyPath: m_LocalRotation.z
      value: 0
      objectReference: {fileID: 0}
    - target: {fileID: 6270175206789742106, guid: 6297aa0247db37e4d8b6d203c5a5df6d,
        type: 3}
      propertyPath: m_LocalRotation.w
      value: 1
      objectReference: {fileID: 0}
    - target: {fileID: 6270175206789742106, guid: 6297aa0247db37e4d8b6d203c5a5df6d,
        type: 3}
      propertyPath: m_RootOrder
      value: 17
      objectReference: {fileID: 0}
    - target: {fileID: 6270175206789742106, guid: 6297aa0247db37e4d8b6d203c5a5df6d,
        type: 3}
      propertyPath: m_LocalEulerAnglesHint.x
      value: 0
      objectReference: {fileID: 0}
    - target: {fileID: 6270175206789742106, guid: 6297aa0247db37e4d8b6d203c5a5df6d,
        type: 3}
      propertyPath: m_LocalEulerAnglesHint.y
      value: 0
      objectReference: {fileID: 0}
    - target: {fileID: 6270175206789742106, guid: 6297aa0247db37e4d8b6d203c5a5df6d,
        type: 3}
      propertyPath: m_LocalEulerAnglesHint.z
      value: 0
      objectReference: {fileID: 0}
    - target: {fileID: 8277749112255496054, guid: 6297aa0247db37e4d8b6d203c5a5df6d,
        type: 3}
      propertyPath: SlotKey
      value: 4-3
      objectReference: {fileID: 0}
    m_RemovedComponents: []
  m_SourcePrefab: {fileID: 100100000, guid: 6297aa0247db37e4d8b6d203c5a5df6d, type: 3}
--- !u!4 &2063348880331264589 stripped
Transform:
  m_CorrespondingSourceObject: {fileID: 6270175206789742106, guid: 6297aa0247db37e4d8b6d203c5a5df6d,
    type: 3}
  m_PrefabInstance: {fileID: 5451149947194944599}
  m_PrefabAsset: {fileID: 0}
--- !u!1001 &5612777874188556761
PrefabInstance:
  m_ObjectHideFlags: 0
  serializedVersion: 2
  m_Modification:
    m_TransformParent: {fileID: 2298674996640655284}
    m_Modifications:
    - target: {fileID: 564086061918329393, guid: 6297aa0247db37e4d8b6d203c5a5df6d,
        type: 3}
      propertyPath: m_Name
      value: slot-4-2
      objectReference: {fileID: 0}
    - target: {fileID: 6270175206789742106, guid: 6297aa0247db37e4d8b6d203c5a5df6d,
        type: 3}
      propertyPath: m_LocalPosition.x
      value: -2
      objectReference: {fileID: 0}
    - target: {fileID: 6270175206789742106, guid: 6297aa0247db37e4d8b6d203c5a5df6d,
        type: 3}
      propertyPath: m_LocalPosition.y
      value: 0
      objectReference: {fileID: 0}
    - target: {fileID: 6270175206789742106, guid: 6297aa0247db37e4d8b6d203c5a5df6d,
        type: 3}
      propertyPath: m_LocalPosition.z
      value: 2
      objectReference: {fileID: 0}
    - target: {fileID: 6270175206789742106, guid: 6297aa0247db37e4d8b6d203c5a5df6d,
        type: 3}
      propertyPath: m_LocalRotation.x
      value: 0
      objectReference: {fileID: 0}
    - target: {fileID: 6270175206789742106, guid: 6297aa0247db37e4d8b6d203c5a5df6d,
        type: 3}
      propertyPath: m_LocalRotation.y
      value: 0
      objectReference: {fileID: 0}
    - target: {fileID: 6270175206789742106, guid: 6297aa0247db37e4d8b6d203c5a5df6d,
        type: 3}
      propertyPath: m_LocalRotation.z
      value: 0
      objectReference: {fileID: 0}
    - target: {fileID: 6270175206789742106, guid: 6297aa0247db37e4d8b6d203c5a5df6d,
        type: 3}
      propertyPath: m_LocalRotation.w
      value: 1
      objectReference: {fileID: 0}
    - target: {fileID: 6270175206789742106, guid: 6297aa0247db37e4d8b6d203c5a5df6d,
        type: 3}
      propertyPath: m_RootOrder
      value: 16
      objectReference: {fileID: 0}
    - target: {fileID: 6270175206789742106, guid: 6297aa0247db37e4d8b6d203c5a5df6d,
        type: 3}
      propertyPath: m_LocalEulerAnglesHint.x
      value: 0
      objectReference: {fileID: 0}
    - target: {fileID: 6270175206789742106, guid: 6297aa0247db37e4d8b6d203c5a5df6d,
        type: 3}
      propertyPath: m_LocalEulerAnglesHint.y
      value: 0
      objectReference: {fileID: 0}
    - target: {fileID: 6270175206789742106, guid: 6297aa0247db37e4d8b6d203c5a5df6d,
        type: 3}
      propertyPath: m_LocalEulerAnglesHint.z
      value: 0
      objectReference: {fileID: 0}
    - target: {fileID: 8277749112255496054, guid: 6297aa0247db37e4d8b6d203c5a5df6d,
        type: 3}
      propertyPath: SlotKey
      value: 4-2
      objectReference: {fileID: 0}
    m_RemovedComponents: []
  m_SourcePrefab: {fileID: 100100000, guid: 6297aa0247db37e4d8b6d203c5a5df6d, type: 3}
--- !u!4 &1936746422313920451 stripped
Transform:
  m_CorrespondingSourceObject: {fileID: 6270175206789742106, guid: 6297aa0247db37e4d8b6d203c5a5df6d,
    type: 3}
  m_PrefabInstance: {fileID: 5612777874188556761}
  m_PrefabAsset: {fileID: 0}
--- !u!1001 &5907594080444114804
PrefabInstance:
  m_ObjectHideFlags: 0
  serializedVersion: 2
  m_Modification:
    m_TransformParent: {fileID: 2298674996640655284}
    m_Modifications:
    - target: {fileID: 564086061918329393, guid: 6297aa0247db37e4d8b6d203c5a5df6d,
        type: 3}
      propertyPath: m_Name
      value: slot-1-1
      objectReference: {fileID: 0}
    - target: {fileID: 6270175206789742106, guid: 6297aa0247db37e4d8b6d203c5a5df6d,
        type: 3}
      propertyPath: m_LocalPosition.x
      value: -4
      objectReference: {fileID: 0}
    - target: {fileID: 6270175206789742106, guid: 6297aa0247db37e4d8b6d203c5a5df6d,
        type: 3}
      propertyPath: m_LocalPosition.y
      value: 0
      objectReference: {fileID: 0}
    - target: {fileID: 6270175206789742106, guid: 6297aa0247db37e4d8b6d203c5a5df6d,
        type: 3}
      propertyPath: m_LocalPosition.z
      value: -4
      objectReference: {fileID: 0}
    - target: {fileID: 6270175206789742106, guid: 6297aa0247db37e4d8b6d203c5a5df6d,
        type: 3}
      propertyPath: m_LocalRotation.x
      value: 0
      objectReference: {fileID: 0}
    - target: {fileID: 6270175206789742106, guid: 6297aa0247db37e4d8b6d203c5a5df6d,
        type: 3}
      propertyPath: m_LocalRotation.y
      value: 0
      objectReference: {fileID: 0}
    - target: {fileID: 6270175206789742106, guid: 6297aa0247db37e4d8b6d203c5a5df6d,
        type: 3}
      propertyPath: m_LocalRotation.z
      value: 0
      objectReference: {fileID: 0}
    - target: {fileID: 6270175206789742106, guid: 6297aa0247db37e4d8b6d203c5a5df6d,
        type: 3}
      propertyPath: m_LocalRotation.w
      value: 1
      objectReference: {fileID: 0}
    - target: {fileID: 6270175206789742106, guid: 6297aa0247db37e4d8b6d203c5a5df6d,
        type: 3}
      propertyPath: m_RootOrder
      value: 0
      objectReference: {fileID: 0}
    - target: {fileID: 6270175206789742106, guid: 6297aa0247db37e4d8b6d203c5a5df6d,
        type: 3}
      propertyPath: m_LocalEulerAnglesHint.x
      value: 0
      objectReference: {fileID: 0}
    - target: {fileID: 6270175206789742106, guid: 6297aa0247db37e4d8b6d203c5a5df6d,
        type: 3}
      propertyPath: m_LocalEulerAnglesHint.y
      value: 0
      objectReference: {fileID: 0}
    - target: {fileID: 6270175206789742106, guid: 6297aa0247db37e4d8b6d203c5a5df6d,
        type: 3}
      propertyPath: m_LocalEulerAnglesHint.z
      value: 0
      objectReference: {fileID: 0}
    m_RemovedComponents: []
  m_SourcePrefab: {fileID: 100100000, guid: 6297aa0247db37e4d8b6d203c5a5df6d, type: 3}
--- !u!4 &504366483711433070 stripped
Transform:
  m_CorrespondingSourceObject: {fileID: 6270175206789742106, guid: 6297aa0247db37e4d8b6d203c5a5df6d,
    type: 3}
  m_PrefabInstance: {fileID: 5907594080444114804}
  m_PrefabAsset: {fileID: 0}
--- !u!1001 &6773709173948831406
PrefabInstance:
  m_ObjectHideFlags: 0
  serializedVersion: 2
  m_Modification:
    m_TransformParent: {fileID: 2298674996640655284}
    m_Modifications:
    - target: {fileID: 564086061918329393, guid: 6297aa0247db37e4d8b6d203c5a5df6d,
        type: 3}
      propertyPath: m_Name
      value: slot-3-2
      objectReference: {fileID: 0}
    - target: {fileID: 6270175206789742106, guid: 6297aa0247db37e4d8b6d203c5a5df6d,
        type: 3}
      propertyPath: m_LocalPosition.x
      value: -2
      objectReference: {fileID: 0}
    - target: {fileID: 6270175206789742106, guid: 6297aa0247db37e4d8b6d203c5a5df6d,
        type: 3}
      propertyPath: m_LocalPosition.y
      value: 0
      objectReference: {fileID: 0}
    - target: {fileID: 6270175206789742106, guid: 6297aa0247db37e4d8b6d203c5a5df6d,
        type: 3}
      propertyPath: m_LocalPosition.z
      value: 0
      objectReference: {fileID: 0}
    - target: {fileID: 6270175206789742106, guid: 6297aa0247db37e4d8b6d203c5a5df6d,
        type: 3}
      propertyPath: m_LocalRotation.x
      value: 0
      objectReference: {fileID: 0}
    - target: {fileID: 6270175206789742106, guid: 6297aa0247db37e4d8b6d203c5a5df6d,
        type: 3}
      propertyPath: m_LocalRotation.y
      value: 0
      objectReference: {fileID: 0}
    - target: {fileID: 6270175206789742106, guid: 6297aa0247db37e4d8b6d203c5a5df6d,
        type: 3}
      propertyPath: m_LocalRotation.z
      value: 0
      objectReference: {fileID: 0}
    - target: {fileID: 6270175206789742106, guid: 6297aa0247db37e4d8b6d203c5a5df6d,
        type: 3}
      propertyPath: m_LocalRotation.w
      value: 1
      objectReference: {fileID: 0}
    - target: {fileID: 6270175206789742106, guid: 6297aa0247db37e4d8b6d203c5a5df6d,
        type: 3}
      propertyPath: m_RootOrder
      value: 11
      objectReference: {fileID: 0}
    - target: {fileID: 6270175206789742106, guid: 6297aa0247db37e4d8b6d203c5a5df6d,
        type: 3}
      propertyPath: m_LocalEulerAnglesHint.x
      value: 0
      objectReference: {fileID: 0}
    - target: {fileID: 6270175206789742106, guid: 6297aa0247db37e4d8b6d203c5a5df6d,
        type: 3}
      propertyPath: m_LocalEulerAnglesHint.y
      value: 0
      objectReference: {fileID: 0}
    - target: {fileID: 6270175206789742106, guid: 6297aa0247db37e4d8b6d203c5a5df6d,
        type: 3}
      propertyPath: m_LocalEulerAnglesHint.z
      value: 0
      objectReference: {fileID: 0}
    - target: {fileID: 8277749112255496054, guid: 6297aa0247db37e4d8b6d203c5a5df6d,
        type: 3}
      propertyPath: SlotKey
      value: 3-2
      objectReference: {fileID: 0}
    m_RemovedComponents: []
  m_SourcePrefab: {fileID: 100100000, guid: 6297aa0247db37e4d8b6d203c5a5df6d, type: 3}
--- !u!4 &649978205141182644 stripped
Transform:
  m_CorrespondingSourceObject: {fileID: 6270175206789742106, guid: 6297aa0247db37e4d8b6d203c5a5df6d,
    type: 3}
  m_PrefabInstance: {fileID: 6773709173948831406}
  m_PrefabAsset: {fileID: 0}
--- !u!1001 &7475261870056095762
PrefabInstance:
  m_ObjectHideFlags: 0
  serializedVersion: 2
  m_Modification:
    m_TransformParent: {fileID: 2298674996640655284}
    m_Modifications:
    - target: {fileID: 564086061918329393, guid: 6297aa0247db37e4d8b6d203c5a5df6d,
        type: 3}
      propertyPath: m_Name
      value: slot-2-1
      objectReference: {fileID: 0}
    - target: {fileID: 6270175206789742106, guid: 6297aa0247db37e4d8b6d203c5a5df6d,
        type: 3}
      propertyPath: m_LocalPosition.x
      value: -4
      objectReference: {fileID: 0}
    - target: {fileID: 6270175206789742106, guid: 6297aa0247db37e4d8b6d203c5a5df6d,
        type: 3}
      propertyPath: m_LocalPosition.y
      value: 0
      objectReference: {fileID: 0}
    - target: {fileID: 6270175206789742106, guid: 6297aa0247db37e4d8b6d203c5a5df6d,
        type: 3}
      propertyPath: m_LocalPosition.z
      value: -2
      objectReference: {fileID: 0}
    - target: {fileID: 6270175206789742106, guid: 6297aa0247db37e4d8b6d203c5a5df6d,
        type: 3}
      propertyPath: m_LocalRotation.x
      value: 0
      objectReference: {fileID: 0}
    - target: {fileID: 6270175206789742106, guid: 6297aa0247db37e4d8b6d203c5a5df6d,
        type: 3}
      propertyPath: m_LocalRotation.y
      value: 0
      objectReference: {fileID: 0}
    - target: {fileID: 6270175206789742106, guid: 6297aa0247db37e4d8b6d203c5a5df6d,
        type: 3}
      propertyPath: m_LocalRotation.z
      value: 0
      objectReference: {fileID: 0}
    - target: {fileID: 6270175206789742106, guid: 6297aa0247db37e4d8b6d203c5a5df6d,
        type: 3}
      propertyPath: m_LocalRotation.w
      value: 1
      objectReference: {fileID: 0}
    - target: {fileID: 6270175206789742106, guid: 6297aa0247db37e4d8b6d203c5a5df6d,
        type: 3}
      propertyPath: m_RootOrder
      value: 5
      objectReference: {fileID: 0}
    - target: {fileID: 6270175206789742106, guid: 6297aa0247db37e4d8b6d203c5a5df6d,
        type: 3}
      propertyPath: m_LocalEulerAnglesHint.x
      value: 0
      objectReference: {fileID: 0}
    - target: {fileID: 6270175206789742106, guid: 6297aa0247db37e4d8b6d203c5a5df6d,
        type: 3}
      propertyPath: m_LocalEulerAnglesHint.y
      value: 0
      objectReference: {fileID: 0}
    - target: {fileID: 6270175206789742106, guid: 6297aa0247db37e4d8b6d203c5a5df6d,
        type: 3}
      propertyPath: m_LocalEulerAnglesHint.z
      value: 0
      objectReference: {fileID: 0}
    - target: {fileID: 8277749112255496054, guid: 6297aa0247db37e4d8b6d203c5a5df6d,
        type: 3}
      propertyPath: SlotKey
      value: 2-1
      objectReference: {fileID: 0}
    m_RemovedComponents: []
  m_SourcePrefab: {fileID: 100100000, guid: 6297aa0247db37e4d8b6d203c5a5df6d, type: 3}
--- !u!4 &3510929956485905928 stripped
Transform:
  m_CorrespondingSourceObject: {fileID: 6270175206789742106, guid: 6297aa0247db37e4d8b6d203c5a5df6d,
    type: 3}
  m_PrefabInstance: {fileID: 7475261870056095762}
  m_PrefabAsset: {fileID: 0}
--- !u!1001 &7686540849652334266
PrefabInstance:
  m_ObjectHideFlags: 0
  serializedVersion: 2
  m_Modification:
    m_TransformParent: {fileID: 2298674996640655284}
    m_Modifications:
    - target: {fileID: 564086061918329393, guid: 6297aa0247db37e4d8b6d203c5a5df6d,
        type: 3}
      propertyPath: m_Name
      value: slot-2-3
      objectReference: {fileID: 0}
    - target: {fileID: 6270175206789742106, guid: 6297aa0247db37e4d8b6d203c5a5df6d,
        type: 3}
      propertyPath: m_LocalPosition.x
      value: 0
      objectReference: {fileID: 0}
    - target: {fileID: 6270175206789742106, guid: 6297aa0247db37e4d8b6d203c5a5df6d,
        type: 3}
      propertyPath: m_LocalPosition.y
      value: 0
      objectReference: {fileID: 0}
    - target: {fileID: 6270175206789742106, guid: 6297aa0247db37e4d8b6d203c5a5df6d,
        type: 3}
      propertyPath: m_LocalPosition.z
      value: -2
      objectReference: {fileID: 0}
    - target: {fileID: 6270175206789742106, guid: 6297aa0247db37e4d8b6d203c5a5df6d,
        type: 3}
      propertyPath: m_LocalRotation.x
      value: 0
      objectReference: {fileID: 0}
    - target: {fileID: 6270175206789742106, guid: 6297aa0247db37e4d8b6d203c5a5df6d,
        type: 3}
      propertyPath: m_LocalRotation.y
      value: 0
      objectReference: {fileID: 0}
    - target: {fileID: 6270175206789742106, guid: 6297aa0247db37e4d8b6d203c5a5df6d,
        type: 3}
      propertyPath: m_LocalRotation.z
      value: 0
      objectReference: {fileID: 0}
    - target: {fileID: 6270175206789742106, guid: 6297aa0247db37e4d8b6d203c5a5df6d,
        type: 3}
      propertyPath: m_LocalRotation.w
      value: 1
      objectReference: {fileID: 0}
    - target: {fileID: 6270175206789742106, guid: 6297aa0247db37e4d8b6d203c5a5df6d,
        type: 3}
      propertyPath: m_RootOrder
      value: 7
      objectReference: {fileID: 0}
    - target: {fileID: 6270175206789742106, guid: 6297aa0247db37e4d8b6d203c5a5df6d,
        type: 3}
      propertyPath: m_LocalEulerAnglesHint.x
      value: 0
      objectReference: {fileID: 0}
    - target: {fileID: 6270175206789742106, guid: 6297aa0247db37e4d8b6d203c5a5df6d,
        type: 3}
      propertyPath: m_LocalEulerAnglesHint.y
      value: 0
      objectReference: {fileID: 0}
    - target: {fileID: 6270175206789742106, guid: 6297aa0247db37e4d8b6d203c5a5df6d,
        type: 3}
      propertyPath: m_LocalEulerAnglesHint.z
      value: 0
      objectReference: {fileID: 0}
    - target: {fileID: 8277749112255496054, guid: 6297aa0247db37e4d8b6d203c5a5df6d,
        type: 3}
      propertyPath: SlotKey
      value: 2-3
      objectReference: {fileID: 0}
    m_RemovedComponents: []
  m_SourcePrefab: {fileID: 100100000, guid: 6297aa0247db37e4d8b6d203c5a5df6d, type: 3}
--- !u!4 &4442861558273900704 stripped
Transform:
  m_CorrespondingSourceObject: {fileID: 6270175206789742106, guid: 6297aa0247db37e4d8b6d203c5a5df6d,
    type: 3}
  m_PrefabInstance: {fileID: 7686540849652334266}
  m_PrefabAsset: {fileID: 0}
--- !u!1001 &8376324110771614024
PrefabInstance:
  m_ObjectHideFlags: 0
  serializedVersion: 2
  m_Modification:
    m_TransformParent: {fileID: 2298674996640655284}
    m_Modifications:
    - target: {fileID: 564086061918329393, guid: 6297aa0247db37e4d8b6d203c5a5df6d,
        type: 3}
      propertyPath: m_Name
      value: slot-5-3
      objectReference: {fileID: 0}
    - target: {fileID: 6270175206789742106, guid: 6297aa0247db37e4d8b6d203c5a5df6d,
        type: 3}
      propertyPath: m_LocalPosition.x
      value: 0
      objectReference: {fileID: 0}
    - target: {fileID: 6270175206789742106, guid: 6297aa0247db37e4d8b6d203c5a5df6d,
        type: 3}
      propertyPath: m_LocalPosition.y
      value: 0
      objectReference: {fileID: 0}
    - target: {fileID: 6270175206789742106, guid: 6297aa0247db37e4d8b6d203c5a5df6d,
        type: 3}
      propertyPath: m_LocalPosition.z
      value: 4
      objectReference: {fileID: 0}
    - target: {fileID: 6270175206789742106, guid: 6297aa0247db37e4d8b6d203c5a5df6d,
        type: 3}
      propertyPath: m_LocalRotation.x
      value: 0
      objectReference: {fileID: 0}
    - target: {fileID: 6270175206789742106, guid: 6297aa0247db37e4d8b6d203c5a5df6d,
        type: 3}
      propertyPath: m_LocalRotation.y
      value: 0
      objectReference: {fileID: 0}
    - target: {fileID: 6270175206789742106, guid: 6297aa0247db37e4d8b6d203c5a5df6d,
        type: 3}
      propertyPath: m_LocalRotation.z
      value: 0
      objectReference: {fileID: 0}
    - target: {fileID: 6270175206789742106, guid: 6297aa0247db37e4d8b6d203c5a5df6d,
        type: 3}
      propertyPath: m_LocalRotation.w
      value: 1
      objectReference: {fileID: 0}
    - target: {fileID: 6270175206789742106, guid: 6297aa0247db37e4d8b6d203c5a5df6d,
        type: 3}
      propertyPath: m_RootOrder
      value: 22
      objectReference: {fileID: 0}
    - target: {fileID: 6270175206789742106, guid: 6297aa0247db37e4d8b6d203c5a5df6d,
        type: 3}
      propertyPath: m_LocalEulerAnglesHint.x
      value: 0
      objectReference: {fileID: 0}
    - target: {fileID: 6270175206789742106, guid: 6297aa0247db37e4d8b6d203c5a5df6d,
        type: 3}
      propertyPath: m_LocalEulerAnglesHint.y
      value: 0
      objectReference: {fileID: 0}
    - target: {fileID: 6270175206789742106, guid: 6297aa0247db37e4d8b6d203c5a5df6d,
        type: 3}
      propertyPath: m_LocalEulerAnglesHint.z
      value: 0
      objectReference: {fileID: 0}
    - target: {fileID: 8277749112255496054, guid: 6297aa0247db37e4d8b6d203c5a5df6d,
        type: 3}
      propertyPath: SlotKey
      value: 5-3
      objectReference: {fileID: 0}
    m_RemovedComponents: []
  m_SourcePrefab: {fileID: 100100000, guid: 6297aa0247db37e4d8b6d203c5a5df6d, type: 3}
--- !u!4 &2538496676364881746 stripped
Transform:
  m_CorrespondingSourceObject: {fileID: 6270175206789742106, guid: 6297aa0247db37e4d8b6d203c5a5df6d,
    type: 3}
  m_PrefabInstance: {fileID: 8376324110771614024}
  m_PrefabAsset: {fileID: 0}
--- !u!1001 &8640784121152663517
PrefabInstance:
  m_ObjectHideFlags: 0
  serializedVersion: 2
  m_Modification:
    m_TransformParent: {fileID: 2298674996640655284}
    m_Modifications:
    - target: {fileID: 564086061918329393, guid: 6297aa0247db37e4d8b6d203c5a5df6d,
        type: 3}
      propertyPath: m_Name
      value: slot-1-2
      objectReference: {fileID: 0}
    - target: {fileID: 6270175206789742106, guid: 6297aa0247db37e4d8b6d203c5a5df6d,
        type: 3}
      propertyPath: m_LocalPosition.x
      value: -2
      objectReference: {fileID: 0}
    - target: {fileID: 6270175206789742106, guid: 6297aa0247db37e4d8b6d203c5a5df6d,
        type: 3}
      propertyPath: m_LocalPosition.y
      value: 0
      objectReference: {fileID: 0}
    - target: {fileID: 6270175206789742106, guid: 6297aa0247db37e4d8b6d203c5a5df6d,
        type: 3}
      propertyPath: m_LocalPosition.z
      value: -4
      objectReference: {fileID: 0}
    - target: {fileID: 6270175206789742106, guid: 6297aa0247db37e4d8b6d203c5a5df6d,
        type: 3}
      propertyPath: m_LocalRotation.x
      value: 0
      objectReference: {fileID: 0}
    - target: {fileID: 6270175206789742106, guid: 6297aa0247db37e4d8b6d203c5a5df6d,
        type: 3}
      propertyPath: m_LocalRotation.y
      value: 0
      objectReference: {fileID: 0}
    - target: {fileID: 6270175206789742106, guid: 6297aa0247db37e4d8b6d203c5a5df6d,
        type: 3}
      propertyPath: m_LocalRotation.z
      value: 0
      objectReference: {fileID: 0}
    - target: {fileID: 6270175206789742106, guid: 6297aa0247db37e4d8b6d203c5a5df6d,
        type: 3}
      propertyPath: m_LocalRotation.w
      value: 1
      objectReference: {fileID: 0}
    - target: {fileID: 6270175206789742106, guid: 6297aa0247db37e4d8b6d203c5a5df6d,
        type: 3}
      propertyPath: m_RootOrder
      value: 1
      objectReference: {fileID: 0}
    - target: {fileID: 6270175206789742106, guid: 6297aa0247db37e4d8b6d203c5a5df6d,
        type: 3}
      propertyPath: m_LocalEulerAnglesHint.x
      value: 0
      objectReference: {fileID: 0}
    - target: {fileID: 6270175206789742106, guid: 6297aa0247db37e4d8b6d203c5a5df6d,
        type: 3}
      propertyPath: m_LocalEulerAnglesHint.y
      value: 0
      objectReference: {fileID: 0}
    - target: {fileID: 6270175206789742106, guid: 6297aa0247db37e4d8b6d203c5a5df6d,
        type: 3}
      propertyPath: m_LocalEulerAnglesHint.z
      value: 0
      objectReference: {fileID: 0}
    - target: {fileID: 8277749112255496054, guid: 6297aa0247db37e4d8b6d203c5a5df6d,
        type: 3}
      propertyPath: SlotKey
      value: 1-2
      objectReference: {fileID: 0}
    m_RemovedComponents: []
  m_SourcePrefab: {fileID: 100100000, guid: 6297aa0247db37e4d8b6d203c5a5df6d, type: 3}
--- !u!4 &2372860723841339847 stripped
Transform:
  m_CorrespondingSourceObject: {fileID: 6270175206789742106, guid: 6297aa0247db37e4d8b6d203c5a5df6d,
    type: 3}
  m_PrefabInstance: {fileID: 8640784121152663517}
  m_PrefabAsset: {fileID: 0}
